@article{lai_asymptotically_1985,
  title = {Asymptotically Efficient Adaptive Allocation Rules},
  author = {Lai, T. L and Robbins, Herbert},
  date = {1985-03-01},
  journaltitle = {Advances in Applied Mathematics},
  shortjournal = {Advances in Applied Mathematics},
  volume = {6},
  number = {1},
  pages = {4--22},
  issn = {0196-8858},
  doi = {10.1016/0196-8858(85)90002-8},
  url = {https://www.sciencedirect.com/science/article/pii/0196885885900028},
  urldate = {2023-10-23},
  file = {/Users/adzcai/Notes/90 Papers/assets/1985/Asymptotically efficient adaptive allocation rules (1985) - Lai, Robbins.pdf}
}
