@article{lai_asymptotically_1985,
  title = {Asymptotically Efficient Adaptive Allocation Rules},
  author = {Lai, T. L and Robbins, Herbert},
  year = {1985},
  journal = {Advances in Applied Mathematics},
  volume = {6},
  number = {1},
  pages = {4--22},
  issn = {0196-8858},
  doi = {10.1016/0196-8858(85)90002-8},
  url = {https://www.sciencedirect.com/science/article/pii/0196885885900028},
  urldate = {2023-10-23},
}
